% Encoding: UTF-8

@article{examples,
  title = {Example result videos for different sets of features},
  url = {https://drive.google.com/drive/folders/1OtteVRigE3Wth8cbVJ6mLRSL_Fn1sbVA?usp=sharing}
}

@Comment{jabref-meta: databaseType:bibtex;}
